@article{tao2024probingmultimodallargelanguage,
  author       = {M. Tao and others},
  title        = {Probing Multimodal Large Language Models for Global and Local Semantic Representations},
  year         = {2024},
  journal      = {arXiv preprint},
  eprint       = {2402.17304},
  archivePrefix= {arXiv},
  primaryClass = {cs.CL},
  url          = {https://arxiv.org/abs/2402.17304}
}

@article{lin2014microsoft,
  author       = {Tsung-Yi Lin and Michael Maire and Serge J. Belongie and Lubomir D. Bourdev and Ross B. Girshick and James Hays and Pietro Perona and Deva Ramanan and Piotr Doll{\'a}r and C. Lawrence Zitnick},
  title        = {Microsoft COCO: Common Objects in Context},
  journal      = {arXiv preprint arXiv:1405.0312},
  volume       = {abs/1405.0312},
  year         = {2014},
  url          = {http://arxiv.org/abs/1405.0312}
}

@article{opitz2021macrof1,
  author       = {J. Opitz and S. Burst},
  title        = {Macro F1 and Macro F1},
  journal      = {arXiv preprint arXiv:1911.03347},
  year         = {2021},
  eprint       = {1911.03347},
  archivePrefix= {arXiv},
  primaryClass = {cs.CL},
  url          = {https://arxiv.org/abs/1911.03347}
}

@article{alain2018understanding,
  author       = {Guillaume Alain and Yoshua Bengio},
  title        = {Understanding intermediate layers using linear classifier probes},
  journal      = {arXiv preprint arXiv:1610.01644},
  year         = {2018},
  eprint       = {1610.01644},
  archivePrefix= {arXiv},
  primaryClass = {cs.LG},
  url          = {https://arxiv.org/abs/1610.01644}
}

@misc{qwen2vl2024,
  title        = {Qwen2-VL-2B-Instruct},
  author       = {Qwen Team},
  year         = {2024},
  howpublished = {\url{https://huggingface.co/Qwen/Qwen2-VL-2B-Instruct}},
  note         = {Apache-2.0 License, arXiv:2409.12191},
}
@misc{fastvlm2025,
  title        = {FastVLM-0.5B},
  author       = {Apple Machine Learning Research},
  year         = {2025},
  howpublished = {\url{https://huggingface.co/apple/FastVLM-0.5B}},
  note         = {apple-amlr License, arXiv:2412.13303 (CVPR 2025)},
}

@article{roesch2024EnhancingConceptualUnderstandinginMultimodal,
  author        = {Philipp J. Rösch and Norbert Oswald and Michaela Geierhos and Jindřich Libovický},
  title         = {Enhancing Conceptual Understanding in Multimodal Contrastive Learning through Hard Negative Samples},
  journal       = {arXiv preprint},
  year          = {2024},
  eprint        = {2403.02875},
  archivePrefix = {arXiv},
  primaryClass  = {cs.CV},
  url           = {https://arxiv.org/abs/2403.02875}
}

@article{tang2024PoolingAndAttention,
  author        = {Yixuan Tang and Yi Yang},
  title         = {Pooling And Attention: What Are Effective Designs For LLM-Based Embedding Models?},
  journal       = {arXiv preprint},
  year          = {2024},
  eprint        = {2409.02727},
  archivePrefix = {arXiv},
  primaryClass  = {cs.CL},
  url           = {https://arxiv.org/abs/2409.02727}
}

@article{schiappa2023ProbingConceptualUnderstanding,
  author        = {Madeline Schiappa and Raiyaan Abdullah and Shehreen Azad and Jared Claypoole and Michael Cogswell and Ajay Divakaran and Yogesh Rawat},
  title         = {Probing Conceptual Understanding of Large Visual-Language Models},
  journal       = {arXiv preprint},
  year          = {2023},
  eprint        = {2304.03659},
  archivePrefix = {arXiv},
  primaryClass  = {cs.CV},
  url           = {https://arxiv.org/abs/2304.03659}
}

@article{peng2025ProbingandInducingCombinationalCreativity,
  author        = {Yongqian Peng and Yuxi Ma and Mengmeng Wang and Yuxuan Wang and Yizhou Wang and Chi Zhang and Yixin Zhu and Zilong Zheng},
  title         = {Probing and Inducing Combinational Creativity in Vision-Language Models},
  journal       = {arXiv preprint},
  year          = {2025},
  eprint        = {2504.13120},
  archivePrefix = {arXiv},
  primaryClass  = {cs.CV},
  url           = {https://arxiv.org/abs/2504.13120}
}

@article{li2023BLIP2,
  author        = {Junnan Li and Dongxu Li and Silvio Savarese and Steven Hoi},
  title         = {BLIP-2: Bootstrapping Language-Image Pre-training with Frozen Image Encoders and Large Language Models},
  journal       = {arXiv preprint},
  year          = {2023},
  eprint        = {2301.12597},
  archivePrefix = {arXiv},
  primaryClass  = {cs.CV},
  url           = {https://arxiv.org/abs/2301.12597}
}

@article{lin2024MoELLaVA,
  author        = {Bin Lin and Zhenyu Tang and Yang Ye and Jinfa Huang and Junwu Zhang and Yatian Pang and Peng Jin and Munan Ning and Jiebo Luo and Li Yuan},
  title         = {MoE-LLaVA: Mixture of Experts for Large Vision-Language Models},
  journal       = {arXiv preprint},
  year          = {2024},
  eprint        = {2401.15947},
  archivePrefix = {arXiv},
  primaryClass  = {cs.CV},
  url           = {https://arxiv.org/abs/2401.15947}
}
